%FROM HERE AND DOWN WE PUT OUR REFERENCES!!!!!!!!!!!!! Place them in the order where a link first show up in the text (HEJ)
@misc{RoboCupSSL,
author = {RoboCup Organizing Committee},
title = {ROBOCUP SMALL SIZE LEAGUE},
howpublished = "https://ssl.robocup.org/",
note={Accessed 16-04-2025 },
}

@misc{KateBrush1Robots,
author = {{Kate Brush}},
title = {mobile robot (mobile robotics)},
howpublished = "https://www.techtarget.com/iotagenda/definition/mobile-robot-mobile-robotics",
note={Accessed 21-04-2025},
}

@misc{JacobMurel1RL,
author = {{Jacob Murel, Eda Kavlakoglu}},
title = {What is reinforcement learning?},
howpublished = "https://www.ibm.com/think/topics/reinforcement-learning",
note={Accessed 22-04-2025},
}

@misc{GeeksForGeeks1RL,
author = {{GeeksForGeeks}},
title = {Q-Learning in Reinforcement Learning},
howpublished = "https://www.geeksforgeeks.org/q-learning-in-python/",
note={Accessed 22-04-2025},
}
}
